%YAML 1.1
%TAG !u! tag:unity3d.com,2011:
--- !u!1 &8568885765408595808
GameObject:
  m_ObjectHideFlags: 0
  m_CorrespondingSourceObject: {fileID: 0}
  m_PrefabInstance: {fileID: 0}
  m_PrefabAsset: {fileID: 0}
  serializedVersion: 6
  m_Component:
  - component: {fileID: 5326884114303908442}
  - component: {fileID: 2371880889505937912}
  - component: {fileID: 174755708262441689}
  - component: {fileID: 9043840070081531089}
  - component: {fileID: 8823699123426084007}
  m_Layer: 0
  m_Name: Angklung
  m_TagString: Untagged
  m_Icon: {fileID: 0}
  m_NavMeshLayer: 0
  m_StaticEditorFlags: 0
  m_IsActive: 1
--- !u!4 &5326884114303908442
Transform:
  m_ObjectHideFlags: 0
  m_CorrespondingSourceObject: {fileID: 0}
  m_PrefabInstance: {fileID: 0}
  m_PrefabAsset: {fileID: 0}
  m_GameObject: {fileID: 8568885765408595808}
  m_LocalRotation: {x: 0, y: 0, z: 0, w: 1}
  m_LocalPosition: {x: -0.004, y: 0.048, z: 0.005}
  m_LocalScale: {x: 0.17008565, y: 0.092820816, z: 0.23933323}
  m_Children:
  - {fileID: 8081848180595113118}
  m_Father: {fileID: 0}
  m_RootOrder: 0
  m_LocalEulerAnglesHint: {x: 0, y: 0, z: 0}
--- !u!65 &2371880889505937912
BoxCollider:
  m_ObjectHideFlags: 0
  m_CorrespondingSourceObject: {fileID: 0}
  m_PrefabInstance: {fileID: 0}
  m_PrefabAsset: {fileID: 0}
  m_GameObject: {fileID: 8568885765408595808}
  m_Material: {fileID: 0}
  m_IsTrigger: 0
  m_Enabled: 1
  serializedVersion: 2
  m_Size: {x: 1, y: 1, z: 1}
  m_Center: {x: 0, y: 0, z: 0}
--- !u!114 &174755708262441689
MonoBehaviour:
  m_ObjectHideFlags: 0
  m_CorrespondingSourceObject: {fileID: 0}
  m_PrefabInstance: {fileID: 0}
  m_PrefabAsset: {fileID: 0}
  m_GameObject: {fileID: 8568885765408595808}
  m_Enabled: 1
  m_EditorHideFlags: 0
  m_Script: {fileID: 11500000, guid: 0b5eac5db0f3b534ea859767f6d53ec2, type: 3}
  m_Name: 
  m_EditorClassIdentifier: 
--- !u!23 &9043840070081531089
MeshRenderer:
  m_ObjectHideFlags: 0
  m_CorrespondingSourceObject: {fileID: 0}
  m_PrefabInstance: {fileID: 0}
  m_PrefabAsset: {fileID: 0}
  m_GameObject: {fileID: 8568885765408595808}
  m_Enabled: 1
  m_CastShadows: 1
  m_ReceiveShadows: 1
  m_DynamicOccludee: 1
  m_MotionVectors: 1
  m_LightProbeUsage: 1
  m_ReflectionProbeUsage: 1
  m_RayTracingMode: 2
  m_RayTraceProcedural: 0
  m_RenderingLayerMask: 1
  m_RendererPriority: 0
  m_Materials:
  - {fileID: 0}
  m_StaticBatchInfo:
    firstSubMesh: 0
    subMeshCount: 0
  m_StaticBatchRoot: {fileID: 0}
  m_ProbeAnchor: {fileID: 0}
  m_LightProbeVolumeOverride: {fileID: 0}
  m_ScaleInLightmap: 1
  m_ReceiveGI: 1
  m_PreserveUVs: 0
  m_IgnoreNormalsForChartDetection: 0
  m_ImportantGI: 0
  m_StitchLightmapSeams: 1
  m_SelectedEditorRenderState: 3
  m_MinimumChartSize: 4
  m_AutoUVMaxDistance: 0.5
  m_AutoUVMaxAngle: 89
  m_LightmapParameters: {fileID: 0}
  m_SortingLayerID: 0
  m_SortingLayer: 0
  m_SortingOrder: 0
  m_AdditionalVertexStreams: {fileID: 0}
--- !u!114 &8823699123426084007
MonoBehaviour:
  m_ObjectHideFlags: 0
  m_CorrespondingSourceObject: {fileID: 0}
  m_PrefabInstance: {fileID: 0}
  m_PrefabAsset: {fileID: 0}
  m_GameObject: {fileID: 8568885765408595808}
  m_Enabled: 1
  m_EditorHideFlags: 0
  m_Script: {fileID: 11500000, guid: 8113112bdaeac50408b4f3b080e635c9, type: 3}
  m_Name: 
  m_EditorClassIdentifier: 
--- !u!1001 &8620671872066870133
PrefabInstance:
  m_ObjectHideFlags: 0
  serializedVersion: 2
  m_Modification:
    m_TransformParent: {fileID: 5326884114303908442}
    m_Modifications:
    - target: {fileID: -8700617353114198275, guid: 9804314847cfc824e83e14167ea8056a,
        type: 3}
      propertyPath: m_IsActive
      value: 0
      objectReference: {fileID: 0}
    - target: {fileID: -8679921383154817045, guid: 9804314847cfc824e83e14167ea8056a,
        type: 3}
      propertyPath: m_RootOrder
      value: 0
      objectReference: {fileID: 0}
    - target: {fileID: -8679921383154817045, guid: 9804314847cfc824e83e14167ea8056a,
        type: 3}
      propertyPath: m_LocalScale.x
      value: 0.03835353
      objectReference: {fileID: 0}
    - target: {fileID: -8679921383154817045, guid: 9804314847cfc824e83e14167ea8056a,
        type: 3}
      propertyPath: m_LocalScale.y
      value: 0.014874683
      objectReference: {fileID: 0}
    - target: {fileID: -8679921383154817045, guid: 9804314847cfc824e83e14167ea8056a,
        type: 3}
      propertyPath: m_LocalScale.z
      value: 0.020930663
      objectReference: {fileID: 0}
    - target: {fileID: -8679921383154817045, guid: 9804314847cfc824e83e14167ea8056a,
        type: 3}
      propertyPath: m_LocalPosition.x
      value: 0.040346865
      objectReference: {fileID: 0}
    - target: {fileID: -8679921383154817045, guid: 9804314847cfc824e83e14167ea8056a,
        type: 3}
      propertyPath: m_LocalPosition.y
      value: 0.0498548
      objectReference: {fileID: 0}
    - target: {fileID: -8679921383154817045, guid: 9804314847cfc824e83e14167ea8056a,
        type: 3}
      propertyPath: m_LocalPosition.z
      value: -0.38713515
      objectReference: {fileID: 0}
    - target: {fileID: -8679921383154817045, guid: 9804314847cfc824e83e14167ea8056a,
        type: 3}
      propertyPath: m_LocalRotation.w
      value: 0.5
      objectReference: {fileID: 0}
    - target: {fileID: -8679921383154817045, guid: 9804314847cfc824e83e14167ea8056a,
        type: 3}
      propertyPath: m_LocalRotation.x
      value: 0.5
      objectReference: {fileID: 0}
    - target: {fileID: -8679921383154817045, guid: 9804314847cfc824e83e14167ea8056a,
        type: 3}
      propertyPath: m_LocalRotation.y
      value: -0.5
      objectReference: {fileID: 0}
    - target: {fileID: -8679921383154817045, guid: 9804314847cfc824e83e14167ea8056a,
        type: 3}
      propertyPath: m_LocalRotation.z
      value: -0.5
      objectReference: {fileID: 0}
    - target: {fileID: -8679921383154817045, guid: 9804314847cfc824e83e14167ea8056a,
        type: 3}
      propertyPath: m_LocalEulerAnglesHint.x
      value: 0
      objectReference: {fileID: 0}
    - target: {fileID: -8679921383154817045, guid: 9804314847cfc824e83e14167ea8056a,
        type: 3}
      propertyPath: m_LocalEulerAnglesHint.y
      value: -90
      objectReference: {fileID: 0}
    - target: {fileID: -8679921383154817045, guid: 9804314847cfc824e83e14167ea8056a,
        type: 3}
      propertyPath: m_LocalEulerAnglesHint.z
      value: -90
      objectReference: {fileID: 0}
    - target: {fileID: -4683669308469848369, guid: 9804314847cfc824e83e14167ea8056a,
        type: 3}
      propertyPath: m_Materials.Array.data[0]
      value: 
      objectReference: {fileID: 2100000, guid: 70c1a1901d6548549b207c421f8868f2, type: 2}
    - target: {fileID: 65702495048144492, guid: 9804314847cfc824e83e14167ea8056a,
        type: 3}
      propertyPath: m_IsActive
      value: 0
      objectReference: {fileID: 0}
    - target: {fileID: 919132149155446097, guid: 9804314847cfc824e83e14167ea8056a,
        type: 3}
      propertyPath: m_Name
      value: Angklung Jawa
      objectReference: {fileID: 0}
    m_RemovedComponents: []
  m_SourcePrefab: {fileID: 100100000, guid: 9804314847cfc824e83e14167ea8056a, type: 3}
--- !u!4 &8081848180595113118 stripped
Transform:
  m_CorrespondingSourceObject: {fileID: -8679921383154817045, guid: 9804314847cfc824e83e14167ea8056a,
    type: 3}
  m_PrefabInstance: {fileID: 8620671872066870133}
  m_PrefabAsset: {fileID: 0}
